<record><leader>00000cas a2200000 a 4500</leader><controlfield tag="001">48573751</controlfield><controlfield tag="008">011211d192619uunyuwr n       0    0eng c</controlfield><datafield ind1=" " ind2=" " tag="010"><subfield code="a">sn2001063824</subfield></datafield><datafield ind1=" " ind2=" " tag="040"><subfield code="a">NYS</subfield><subfield code="b">eng</subfield><subfield code="c">NYS</subfield><subfield code="d">OCLCQ</subfield><subfield code="d">OCLCF</subfield><subfield code="d">OCLCO</subfield></datafield><datafield ind1="1" ind2=" " tag="029"><subfield code="a">AU@</subfield><subfield code="b">000023266560</subfield></datafield><datafield ind1=" " ind2=" " tag="042"><subfield code="a">pcc</subfield></datafield><datafield ind1=" " ind2=" " tag="043"><subfield code="a">n-us-ny</subfield></datafield><datafield ind1="0" ind2=" " tag="130"><subfield code="a">Citizen-observer (Harrison, N.Y.)</subfield></datafield><datafield ind1="1" ind2="0" tag="245"><subfield code="a">Citizen-observer.</subfield></datafield><datafield ind1=" " ind2=" " tag="260"><subfield code="a">Harrison, N.Y. :</subfield><subfield code="b">Harrison Pub. Co.,</subfield><subfield code="c">1926-</subfield></datafield><datafield ind1=" " ind2=" " tag="300"><subfield code="a">v. :</subfield><subfield code="b">ill. ;</subfield><subfield code="c">58 cm.</subfield></datafield><datafield ind1="0" ind2=" " tag="362"><subfield code="a">Vol. 1, no. 1 (Dec. 2, 1926)-</subfield></datafield><datafield ind1=" " ind2=" " tag="500"><subfield code="a">"An independent Newspaper Published in the Interests of the Town of Harrison."</subfield></datafield><datafield ind1="4" ind2=" " tag="510"><subfield code="a">Gregory, Winifred, American Newspapers, 1821-1936</subfield><subfield code="c">453</subfield></datafield><datafield ind1=" " ind2=" " tag="580"><subfield code="a">Merger of: Harrison Citizen; and: Harrison Observer. cf. masthead.</subfield></datafield><datafield ind1=" " ind2=" " tag="588"><subfield code="a">Latest issue consulted: Jan. 3, 1947.</subfield></datafield><datafield ind1=" " ind2="0" tag="651"><subfield code="a">Harrison (N.Y.)</subfield><subfield code="v">Newspapers.</subfield></datafield><datafield ind1=" " ind2="0" tag="651"><subfield code="a">Westchester County (N.Y.)</subfield><subfield code="v">Newspapers.</subfield></datafield><datafield ind1=" " ind2="7" tag="655"><subfield code="a">Newspapers.</subfield><subfield code="2">fast</subfield><subfield code="0">(OCoLC)fst01423814</subfield></datafield><datafield ind1=" " ind2="7" tag="651"><subfield code="a">New York (State)</subfield><subfield code="z">Harrison.</subfield><subfield code="2">fast</subfield><subfield code="0">(OCoLC)fst01220591</subfield></datafield><datafield ind1=" " ind2="7" tag="651"><subfield code="a">New York (State)</subfield><subfield code="z">Westchester County.</subfield><subfield code="2">fast</subfield><subfield code="0">(OCoLC)fst01202684</subfield></datafield><datafield ind1=" " ind2=" " tag="752"><subfield code="a">United States</subfield><subfield code="b">New York</subfield><subfield code="c">Westchester</subfield><subfield code="d">Harrison.</subfield></datafield><datafield ind1="0" ind2="4" tag="780"><subfield code="t">Harrison observer</subfield><subfield code="w">(OCoLC)48573566</subfield></datafield><datafield ind1="0" ind2="4" tag="780"><subfield code="t">Harrison citizen</subfield></datafield></record>